<?xml version="1.0" encoding="UTF-8"?><collection xmlns="http://www.loc.gov/MARC21/slim"><record><leader>00616nam--2200169-i-4500</leader><controlfield tag="001">000009176</controlfield><controlfield tag="002">20161230</controlfield><controlfield tag="005">20161230201028</controlfield><controlfield tag="008">060222s1000------------r-----000-0-eng-d</controlfield><datafield ind1=" " ind2=" " tag="040"><subfield code="a">IFIN-HH</subfield></datafield><datafield ind1=" " ind2=" " tag="080"><subfield code="a">539.14</subfield></datafield><datafield ind1="1" ind2=" " tag="100"><subfield code="a">Davidson, J.P</subfield></datafield><datafield ind1="1" ind2="0" tag="245"><subfield code="a">Third symposium on the structure of low-medium mass nuclei</subfield><subfield code="b">Sponsored by: the nuclear structure laboratory the university of kansas, the aerospace research laboratories, wright-patterson air force base</subfield><subfield code="c">J.p. davidson (ed.)</subfield></datafield><datafield ind1=" " ind2=" " tag="260"><subfield code="a">Lawrence</subfield><subfield code="b">University Press Of Kansas</subfield><subfield code="c">1968</subfield></datafield><datafield ind1=" " ind2=" " tag="300"><subfield code="a">VI+294P</subfield></datafield><datafield ind1=" " ind2=" " tag="852"><subfield code="a">32176</subfield><subfield code="c">539.14</subfield></datafield><datafield ind1=" " ind2=" " tag="CAT"><subfield code="a">Sys</subfield><subfield code="c">20120327</subfield><subfield code="h">135343</subfield></datafield></record></collection>